@misc{httpsdev38:online,
author = {},
title = {https://developer.nvidia.com/sites/all/modules/custom/gpugems/books/GPUGems/gpugems\_ch39.html},
howpublished = {\url{https://developer.nvidia.com/sites/all/modules/custom/gpugems/books/GPUGems/gpugems_ch39.html}},
month = {},
year = {},
note = {(Accessed on 01/16/2022)}
}

@article{Knoll2006InteractiveIR,
  title={Interactive Isosurface Ray Tracing of Large Octree Volumes},
  author={Aaron Knoll and Ingo Wald and Steven G. Parker and Charles D. Hansen},
  journal={2006 IEEE Symposium on Interactive Ray Tracing},
  year={2006},
  pages={115-124}
}

@misc{toolchai50:online,
author = {},
title = {toolchainX/Volume\_Rendering\_Using\_GLSL},
howpublished = {\url{https://github.com/toolchainX/Volume_Rendering_Using_GLSL}},
month = {},
year = {},
note = {(Accessed on 01/16/2022)}
}
@misc{nnagurur86:online,
author = {},
title = {nnagururu/vdrill at 7e17e81aa88b9331b505f4955318ef384e59652a},
howpublished = {\url{https://github.com/nnagururu/vdrill/}},
month = {},
year = {},
note = {(Accessed on 01/16/2022)}
}

@misc{TuvokBas3:online,
author = {},
title = {TuvokBasics/ArcBall.h at master · BlueBrain/TuvokBasics},
howpublished = {\url{https://github.com/BlueBrain/TuvokBasics/blob/master/ArcBall.h}},
month = {},
year = {},
note = {(Accessed on 01/16/2022)}
}

@misc{SHTUCS1728:online,
author = {},
title = {SHTU\_CS171/presentation.pdf at main · MeliaLiu/SHTU\_CS171},
howpublished = {\url{https://github.com/MeliaLiu/SHTU_CS171/blob/main/project/Presentation/presentation.pdf}},
month = {},
year = {},
note = {(Accessed on 01/16/2022)}
}